<?xml version="1.0" encoding="UTF-8"?>
<collection xmlns:xsi="http://www.w3.org/2001/XMLSchema-instance" xsi:schemaLocation="http://www.loc.gov/MARC21/slim http://www.loc.gov/standards/marcxml/schema/MARC21slim.xsd" xmlns="http://www.loc.gov/MARC21/slim">
<record>
  <leader>01098cam a2200253Ma 4500</leader>
  <controlfield tag="001">3177191</controlfield>
  <controlfield tag="003">NNC</controlfield>
  <controlfield tag="005">20130426145349.0</controlfield>
  <controlfield tag="008">970805s1901    le            000 0 arard</controlfield>
  <datafield tag="035" ind1=" " ind2=" ">
    <subfield code="a">(OCoLC)ocm37962910</subfield>
  </datafield>
  <datafield tag="035" ind1=" " ind2=" ">
    <subfield code="9">AUB9742CU</subfield>
  </datafield>
  <datafield tag="035" ind1=" " ind2=" ">
    <subfield code="a">(NNC)3177191</subfield>
  </datafield>
  <datafield tag="040" ind1=" " ind2=" ">
    <subfield code="a">RBN</subfield>
    <subfield code="c">RBN</subfield>
    <subfield code="d">OCL</subfield>
    <subfield code="d">ZCU</subfield>
  </datafield>
  <datafield tag="050" ind1="1" ind2="4">
    <subfield code="a">PJ6161.I33</subfield>
    <subfield code="b">B38x 1901</subfield>
  </datafield>
  <datafield tag="099" ind1=" " ind2=" ">
    <subfield code="a">893.7Ab32</subfield>
    <subfield code="a">O2</subfield>
  </datafield>
  <datafield tag="100" ind1="1" ind2=" ">
    <subfield code="a">Baṭalyawsī, ʻAbd Allāh ibn Muḥammad,</subfield>
    <subfield code="d">1052 or 1053-1127.</subfield>
  </datafield>
  <datafield tag="245" ind1="1" ind2="3">
    <subfield code="a">al-Iqtiḍāb fī sharḥ Adab al-kuttāb /</subfield>
    <subfield code="c">li-Ibn al-Sayyid al-Baṭalyawsī ; waqafa ʻalá ṭabʻihi wa-iʻtaná bi-murājaʻat aṣlihi wa-ṣaḥḥaḥa mā wujida fīhi min al-taḥrīf wa-al-taṣḥīf wa-al-aghlāṭ al-naskhīyah ʻAbd Allāh Afandī al-Bustānī.</subfield>
  </datafield>
  <datafield tag="246" ind1="1" ind2="0">
    <subfield code="a">Sharḥ Adab al-kuttāb</subfield>
  </datafield>
  <datafield tag="260" ind1=" " ind2=" ">
    <subfield code="a">Bayrūt :</subfield>
    <subfield code="b">al-Maṭbaʻah al-Adabīyah,</subfield>
    <subfield code="c">1901.</subfield>
  </datafield>
  <datafield tag="300" ind1=" " ind2=" ">
    <subfield code="a">177 [i.e. 477] p. ;</subfield>
    <subfield code="c">24 cm.</subfield>
  </datafield>
  <datafield tag="600" ind1="1" ind2="0">
    <subfield code="a">Ibn Qutaybah, ʻAbd Allāh ibn Muslim,</subfield>
    <subfield code="d">828-889?</subfield>
    <subfield code="t">Adab al-kātib.</subfield>
  </datafield>
  <datafield tag="650" ind1=" " ind2="0">
    <subfield code="a">Arabic language</subfield>
    <subfield code="x">Style</subfield>
    <subfield code="v">Early works to 1800.</subfield>
  </datafield>
  <datafield tag="700" ind1="1" ind2=" ">
    <subfield code="a">Bustānī, ʻAbd Allāh.</subfield>
  </datafield>
  <datafield tag="955" ind1=" " ind2=" ">
    <subfield code="b">CU07811144</subfield>
    <subfield code="d">off,glx</subfield>
    <subfield code="e">893.7Ab32 O2</subfield>
  </datafield>
</record>
</collection>